@article{AcilarMerve:2009,
author = {Acilar Merve, A. and Arslan, Ahmet},
doi = {10.1016/j.eswa.2008.10.029},
file = {:C$\backslash$:/Users/xochilt/Desktop/Biblio/A collaborative filtering method basedAcilar2009.pdf:pdf},
journal = {Expert Systems with Applications},
pages = {8324--8332},
title = {{A collaborative filtering method based on artificial immune network.}},
volume = {36},
year = {2009}
}
@article{Adomavicius:2005,
author = {Adomavicius, Gedimias and Tuzhilin, Alexander},
file = {:C$\backslash$:/Users/xochilt/Desktop/bibliografia/recommender-systems-survey-2005.pdf:pdf},
issue = {6},
journal = {in it IEEE Trans. Knowl.Data Eng},
pages = {pp734--749},
title = {{Towards the Next Generation of Recommender Systems: A Survey of the State-of-the-Art and Possible Extensions}},
volume = {vol17},
year = {2005}
}
@article{Al-shamri:2008,
author = {Al-shamri, Mohammad Yahya H and Bharadwaj, K K},
file = {:C$\backslash$:/Users/xochilt/Desktop/Biblio/Fuzzy-genetic approach to recommender systemsAl-Shamri2008.pdf:pdf},
journal = {Expert Systems with Applications},
pages = {1386--1399},
title = {{Fuzzy-genetic approach to recommender systems based on a novel hybrid user model}},
volume = {35},
year = {2008}
}
@article{Prugel-Bennett:2010,
author = {Ali Ghazanfar, Mustansar; Prugel-Bennett, Adam;},
doi = {10.1109/WKDD.2010.117},
file = {:C$\backslash$:/Users/xochilt/Desktop/Biblio/A scalable accurate hybrid recommenderGhazanfar2010.pdf:pdf},
issue = {2},
keywords = {-recommender systems,collaborative ltering,content-based ltering,demographic recommender system},
pages = {94--98},
title = {{A Scalable, Accurate Hybrid Recommender System}},
year = {2010}
}
@article{American:2009,
author = {American, North and Information, Fuzzy and Society, Processing and Conference, Annual and Martinez, Luis and Perez, Luis G and Barranco, Manuel J},
file = {:C$\backslash$:/Users/xochilt/Desktop/bibliografia/230articleFC.pdf:pdf},
journal = {System},
title = {{Incomplete preference relations to smooth out the cold-start in Collaborative Recommender Systems}},
year = {2009}
}
@article{Assent:2010,
author = {Assent, Ira},
file = {:C$\backslash$:/Users/xochilt/Desktop/Biblio/WORKSHOPS Mining and Representing RecommendationsAssent2010.pdf:pdf},
journal = {Discovery},
pages = {282--285},
title = {{Mining and representing recommendations in actively evolving recommender systems}},
year = {2010}
}
@article{Balabanovic:1997,
author = {Balabanovic, Marko; Shoham Yoav;},
file = {:C$\backslash$:/Users/xochilt/Desktop/bibliografia/Balabanovic\_Shoham-1997-Fab.pdf:pdf},
issue = {3},
journal = {Communications of the ACM},
title = {{Fab: Content-Based, Collaborative Recommendation}},
volume = {40},
year = {1997}
}
@article{Baloian:2007,
author = {Baloian, Nelson and Galdames, Patricio and Guerrero, Luis A},
file = {:C$\backslash$:/Users/xochilt/Desktop/bibliografia/Baloian N.pdf:pdf},
journal = {Electrical Engineering},
title = {{A Model for a Collaborative Recommender System for Multimedia Learning Material}},
year = {2007}
}
@article{Barranco:2009,
author = {Barranco, J and Mart, L and Framework, Linguistic and Systems, Hybrid Recommender and Filtering, Knowledge-based},
file = {:C$\backslash$:/Users/xochilt/Desktop/bibliografia/242refineFC.pdf:pdf},
journal = {System},
keywords = {collabora-,hybrid recommender systems,knowledge-based filtering,linguistic framework,tive filtering},
pages = {2--7},
title = {{A Linguistic Framework for Collaborative and Knowledge-based Filtering: How to Re ne Collaborative Filtering Recommendations}},
year = {2009}
}
@article{Barranco:2006,
author = {Barranco, M J and Mart, L},
file = {:C$\backslash$:/Users/xochilt/Desktop/bibliografia/53srconocimiento.pdf:pdf},
keywords = {aproximaci\'{o}n,comercio electr\'{o}nico,informaci\'{o}n ling\"{u}\'{\i}stica multigranular,ling\"{u}\'{\i}stica difusa,servicios electr\'{o}nicos,sistemas de recomendaci\'{o}n},
pages = {645--664},
title = {{Un Sistema de Recomendaci\'{o}n Basado en Conocimiento con Informaci\'{o}n Ling\"{u}\'{\i}stica Multigranular}},
year = {2006}
}
@article{Mata:2008,
author = {Barranco, M. J; Mata, F.; and Mart\'{\i}nez, L.;},
file = {:C$\backslash$:/Users/xochilt/Desktop/bibliografia/REJASistemadeRecomendacionDifuso.pdf:pdf},
keywords = {comercio electr\'{o}nico,sistemas de recomendaci\'{o}n,toma de decisiones},
pages = {1--14},
title = {{REJA: un sistema de recomendaci\'{o}n de restaurantes basado en t\'{e}cnicas difusas}},
year = {2008}
}
@article{Molina:2006,
author = {Betarte, Leticia; Machado, Rodrigo; Molina, Valeria;},
file = {:C$\backslash$:/Users/xochilt/Desktop/bibliografia/InformePGMusica.pdf:pdf},
title = {{Sistema de Recomendaci\'{o}n de M\'{u}sica}},
year = {2006}
}
@article{Bharadwaj:2009,
author = {Bharadwaj, Kamal K and Al-shamri, Mohammad Yahya H},
doi = {10.1016/j.elerap.2008.08.001},
file = {:C$\backslash$:/Users/xochilt/Desktop/Biblio/Fuzzy computational models for trustBharadwaj2009.pdf:pdf},
journal = {Electronic Commerce Research and Applications},
pages = {37--47},
title = {{Fuzzy computational models for trust and reputation systems.}},
volume = {8},
year = {2009}
}
@article{Burke:2002,
author = {Burke, Robin},
file = {:C$\backslash$:/Users/xochilt/Desktop/bibliografia/Hybrid Recommender Systems.pdf:pdf},
issue = {4},
journal = {User Modeling and User-Adapted In},
pages = {331--370},
title = {{Hybrid recommender systems: Survey and experiments}},
volume = {teraction12},
year = {2002}
}
@article{Castellano:2007,
author = {Castellano, Emilio J and Barranco, Manuel},
file = {:C$\backslash$:/Users/xochilt/Desktop/bibliografia/200713L005perfiles.pdf:pdf},
issue = {i},
keywords = {educaci\'{o}n,expediente,filtrado colaborativo,perfil acad\'{e}mico,sistemas de recomendaci\'{o}n},
pages = {35--42},
title = {{Recomendaci\'{o}n de perfiles acad\'{e}micos mediante algoritmos colaborativos basados en el expediente}},
year = {2007}
}
@article{Castillo:0000,
author = {Castillo, Sergio and Ayala, Gerardo},
file = {:C$\backslash$:/Users/xochilt/Desktop/bibliografia/A Personalization Model for Learning Objects in Mobile Learning Environments.pdf:pdf},
journal = {Learning},
keywords = {learning environments,learning objects,mobile,mobile learning objects,personalization,personalized learning},
pages = {173--174},
title = {{A Personalization Model for Learning Objects in Mobile Learning Environments}}
}
@article{Castro-schez:2011,
author = {Castro-schez, Jose Jesus and Miguel, Raul and Vallejo, David and L\'{o}pez-L\'{o}pez, Lorenzo Manuel},
doi = {10.1016/j.eswa.2010.08.033},
file = {:C$\backslash$:/Users/xochilt/Desktop/Biblio/A highly adaptive recommender systemCastro-Schez2011.pdf:pdf},
journal = {Expert Systems with Applications},
pages = {2441--2454},
title = {{A highly adaptive recommender system based on fuzzy logic for B2C e-commerce portals.}},
volume = {38},
year = {2011}
}
@article{Cheung:2003,
author = {Cheung, Kwok-wai and Kwok, James T and Law, Martin H and Tsui, Kwok-ching},
file = {:C$\backslash$:/Users/xochilt/Desktop/Biblio/Mining customer product ratings forCheung2003.pdf:pdf},
journal = {Decision Support Systems},
keywords = {latent class model,personalized marketing,recommender systems,support vector machine},
pages = {231 -- 243},
title = {{Mining customer product ratings for personalized marketing}},
volume = {35},
year = {2003}
}
@article{Cornelis:2007,
author = {Cornelis, Chris and Lu, Jie and Guo, Xuetao and Zhang, Guanquang},
doi = {10.1016/j.ins.2007.07.001},
file = {:C$\backslash$:/Users/xochilt/Desktop/Biblio/One-and-only item recommendation with fuzzyCornelis2007.pdf:pdf},
journal = {Information Sciences},
keywords = {collaborative decision support,fuzzy logic,fuzzy relational calculus,recommender systems,similarity},
pages = {4906--4921},
title = {{One-and-only item recommendation with fuzzy logic techniques}},
volume = {177},
year = {2007}
}
@article{DeCampos:LuisM.,
author = {De Campos, Luis M.; Fern\'{a}ndez-Luna, Juan M.; Huete, Juan F.; Rueda Morales, Miguel A.;},
file = {:C$\backslash$:/Users/xochilt/Desktop/bibliografia/compumat07bcotenido.pdf:pdf},
keywords = {contenido estructurado,de recomendaci\'{o}n basados en,redes bayesianas},
title = {{Uso de conocimiento estructurado en un sistema de recomendaci\'{o}n basado en contenido.}}
}
@article{Fernandez-Luna:2008,
author = {De Campos, Luis M.; Fern\'{a}ndez-Luna, Juan M; and Huete, Juan F},
doi = {10.1016/j.fss.2008.01.016},
file = {:C$\backslash$:/Users/xochilt/Desktop/Biblio/A collaborative recommender system basedde Campos2008.pdf:pdf},
journal = {Fuzzy Sets and Systems},
keywords = {bayesian networks,collaborative recommender system,fuzzy observations},
pages = {1554 -- 1576},
title = {{A collaborative recommender system based on probabilistic inference from fuzzy observations.}},
volume = {159},
year = {2008}
}
@article{DeCampos:2010,
author = {De Campos, Luis M; and Fern\'{a}ndez-Luna, Juan M and Huete, Juan F and Rueda-morales, Miguel A},
doi = {10.1016/j.ijar.2010.04.001},
file = {:C$\backslash$:/Users/xochilt/Desktop/Biblio/Combining content-based and collaborative recommendationsCampos2010.pdf:pdf},
journal = {International Journal of Approximate Reasoning},
keywords = {collaborative ltering,content-based ltering,hybrid recommender systems},
pages = {785--799},
title = {{Combining content-based and collaborative recommendations: A hybrid approach based on Bayesian networks.}},
volume = {51},
year = {2010}
}
@article{Friedrich:0000,
author = {Friedrich, Martin and Niemann, Katja and Scheffel, Maren and Schmitz, Hans-christian and Wolpers, Martin;},
file = {:C$\backslash$:/Users/xochilt/Desktop/bibliografia/Object Recommendation based on Usage Context.pdf:pdf},
issue = {1},
journal = {Educational Technology \& Society},
pages = {2--3},
title = {{Object Recommendation based on Usage Context}}
}
@article{Fu:1890,
author = {Fu, Xiaobin and Budzik, Jay and Hammond, Kristian J},
file = {:C$\backslash$:/Users/xochilt/Desktop/bibliografia/Mining Navigation History for Recommendation.pdf:pdf},
keywords = {collaborative,data mining,intelligent user interface},
title = {{Mining Navigation History for Recommendation}},
year = {1890}
}
@article{Furner2002,
author = {Furner, Jonathan},
doi = {10.1002/asi.10080},
file = {:C$\backslash$:/Users/xochilt/Desktop/Biblio/On recommendingFurner2002.pdf:pdf},
issue = {Ccc},
journal = {Journal of the American Society for Information Science},
pages = {747--763},
title = {{On Recommending}},
volume = {53},
year = {2002}
}
@article{GalanNieto:1994,
author = {Gal\'{a}n Nieto, Sergio Manuel},
file = {:C$\backslash$:/Users/xochilt/Desktop/bibliografia/31.pdf:pdf},
keywords = {filtrado colaborativo,filtrado de informaci},
title = {{Filtrado Colaborativo y Sistemas de Recomendaci\'{o}n}},
year = {1994}
}
@article{Garc:2010,
author = {Garc, Enrique},
doi = {10.1016/j.iheduc.2010.07.006},
file = {:C$\backslash$:/Users/xochilt/Desktop/Biblio/A collaborative educational association ruleGarc\'{\i}a2010.pdf:pdf},
journal = {Higher Education},
keywords = {association rule mining,collaborative recommender system,educational data mining tool},
title = {{Internet and Higher Education A collaborative educational association rule mining tool}},
year = {2010}
}
@article{Garc:2009,
author = {Garc, Mario},
file = {:C$\backslash$:/Users/xochilt/Desktop/bibliografia/AHybridRecommenderSystemArchitectureForLearningObjects.pdf:pdf},
journal = {Design},
pages = {205--211},
title = {{A Hybrid Recommender System Architecture for Learning Objects}},
year = {2009}
}
@article{Garcia-valdez:2009,
author = {Garcia-valdez, Mario and Alanis, Arnulfo and Parra, Brunnete},
file = {:C$\backslash$:/Users/xochilt/Desktop/bibliografia/IEEE WCCI 2010.pdf:pdf;:C$\backslash$:/Users/xochilt/Desktop/Biblio/055843222010.pdf:pdf},
title = {{Fuzzy Inference for Learning Object Recommendation}},
year = {2009}
}
@article{Garcia:0000,
author = {Garc\'{\i}a, Francisco J and Gil, Ana B},
file = {:C$\backslash$:/Users/xochilt/Desktop/bibliografia/Personalizaci\'{o}n de Sistemas de Recomendaci\'{o}n-fgarcia.pdf:pdf},
pages = {1--5},
title = {{Personalizaci\'{o}n de Sistemas de Recomendaci\'{o}n}}
}
@article{Good:1999,
author = {Good, Nathaniel and Schafer, Ben and Konstan, Joseph A and Borchers, Al and Sarwar, Badrul and Herlocker, Jon and Riedl, John},
file = {:C$\backslash$:/Users/xochilt/Desktop/bibliografia/AAAI99-063.pdf:pdf},
journal = {Artificial Intelligence},
title = {{Combining Collaborative Filtering with Personal Agents for Better Recommendations}},
year = {1999}
}
@article{Guo:2007,
author = {Guo, Xuetao and Lu, Jie},
doi = {10.1002/int},
file = {:C$\backslash$:/Users/xochilt/Desktop/Biblio/Intelligent e-government services with personalizedGuo2007.pdf:pdf},
journal = {International Journal},
pages = {401--417},
title = {{Intelligent E-Government Services with Personalized Recommendation Techniques}},
volume = {22},
year = {2007}
}
@article{GuzmanAlvarez:0000,
author = {Guzm\'{a}n \'{A}lvarez, Cesar Augusto;},
file = {:C$\backslash$:/Users/xochilt/Desktop/bibliografia/Algortimos geneticos SR.pdf:pdf},
keywords = {acumulan opiniones o preferencias,de los,inter\'{e}s,los sistemas recomendadores,que,recomendadores,sr,usuarios sobre elementos de},
pages = {1--8},
title = {{Modelos sub-simb\'{o}licos en los Sistemas Recomendadores}}
}
@article{Gaudioso:2008,
author = {Hern\'{a}ndez Del Olmo, F\'{e}lix ; Gaudioso, Elena;},
doi = {10.1016/j.eswa.2007.07.047},
file = {:C$\backslash$:/Users/xochilt/Desktop/Biblio/Evaluation of recommender systems AHern\'{a}ndez del Olmo2008.pdf:pdf},
journal = {Expert Systems with Applications},
keywords = {evaluation,interactive systems,metrics,recommender systems},
pages = {790--804},
title = {{Evaluation of recommender systems: A new approach.}},
volume = {35},
year = {2008}
}
@book{KaplanMoss:2008,
author = {Holovaty, Adrian; Kaplan Moss, Jacob;},
editor = {Dunck, Jeremy;},
file = {:C$\backslash$:/Users/xochilt/Desktop/bibliografia/django-book-es-1.0-0.1-r757.pdf:pdf},
keywords = {Framework,Python},
title = {{El libro de Django}},
year = {2008}
}
@article{Houstis:2002,
author = {Houstis, E N and Catlin, A C and Dhanjani, N and Rice, J R and Ramakrishnan, N and Verykios, V},
doi = {10.1002/cpe.684},
file = {:C$\backslash$:/Users/xochilt/Desktop/Biblio/MyPYTHIA a recommendation portal for2002.pdf:pdf},
issue = {January},
keywords = {data mining,grid computing environments,knowledge discovery,portals,problem solving environments,recommender systems,web},
pages = {1481--1505},
title = {{MyPYTHIA: a recommendation portal for scienti c software and services}},
volume = {1505},
year = {2002}
}
@article{Huang:2010,
author = {Huang, Shiu-li},
doi = {10.1016/j.elerap.2010.11.003},
file = {:C$\backslash$:/Users/xochilt/Desktop/Biblio/Designing utility-based recommender systems forHuang2010.pdf:pdf},
issue = {November},
journal = {Evaluation},
title = {{Designing utility-based recommender systems for e-commerce: Evaluation of preference-elicitation methods.}},
year = {2010}
}
@misc{Chen:2003,
author = {Huang, Zan; Chung, Wingyan; Chen, Hsinchun;},
file = {:C$\backslash$:/Users/xochilt/Desktop/Biblio/A graph model for E-commerceHuang2004.pdf:pdf},
keywords = {e-commerce,web},
title = {{A graph model for e-commerce recommender systems.}},
year = {2003}
}
@article{Jeong:2009,
author = {Jeong, Buhwan and Lee, Jaewook and Cho, Hyunbo},
doi = {10.1016/j.eswa.2008.07.085},
file = {:C$\backslash$:/Users/xochilt/Desktop/Biblio/An iterative semi-explicit rating methodJeong2009.pdf:pdf},
journal = {Science And Technology},
keywords = {collaborative ltering},
pages = {6181--6186},
title = {{An iterative semi-explicit rating method for building collaborative recommender systems.}},
volume = {36},
year = {2009}
}
@article{Kabassi:2010,
author = {Kabassi, Katerina},
doi = {10.1016/j.tele.2009.05.003},
file = {:C$\backslash$:/Users/xochilt/Desktop/Biblio/Personalizing recommendations for touristsKabassi2010.pdf:pdf},
journal = {Telematics and Informatics},
pages = {51--66},
title = {{Personalizing recommendations for tourists}},
volume = {27},
year = {2010}
}
@article{Keywords:0000,
author = {Keywords, Author},
file = {:C$\backslash$:/Users/xochilt/Desktop/bibliografia/Recommender-technology-ReColl08.pdf:pdf},
journal = {Information Systems},
pages = {1--9},
title = {{Selecting and Applying Recommendation Technology}}
}
@article{Kim:2005,
author = {Kim, D and Yum, B},
file = {:C$\backslash$:/Users/xochilt/Desktop/Biblio/Collaborative filtering based on iterativeKim2005.pdf:pdf},
issue = {4},
journal = {Expert Systems Appl.},
pages = {823--830},
title = {{Collaborative ltering based on iterative principal component analysis}},
volume = {28},
year = {2005}
}
@article{Kim:2002,
author = {Kim, Jae Kyeong and Cho, Yoon Ho and Kim, Woo Ju and Kim, Je Ran and Suh, Ji Hae},
file = {:C$\backslash$:/Users/xochilt/Desktop/Biblio/A personalized recommendation procedure forKim2002.pdf:pdf},
journal = {Electronic Commerce Research and Applications},
keywords = {association rule mining,decision tree,personalization,product recommendation,web usage mining},
pages = {301--313},
title = {{A personalized recommendation procedure for Internet shopping support}},
volume = {1},
year = {2002}
}
@article{Kim:2005a,
author = {Kim, Yong Soo and Yum, Bong-jin and Song, Junehwa and Kim, Su Myeon},
doi = {10.1016/j.eswa.2004.10.017},
file = {:C$\backslash$:/Users/xochilt/Desktop/Biblio/Development of a recommender systemKim2005.pdf:pdf},
journal = {Expert Systems with Applications},
keywords = {collaborative ltering,e-commerce,preference level,recommender system},
pages = {381--393},
title = {{Development of a recommender system based on navigational and behavioral patterns of customers in e-commerce sites}},
volume = {28},
year = {2005}
}
@article{Ko:2010,
author = {Ko, Yasemin},
doi = {10.1016/j.compedu.2010.02.008},
file = {:C$\backslash$:/Users/xochilt/Desktop/Biblio/Modeling educational usage of FacebookMazman2010.pdf:pdf},
journal = {Computers \& Education},
pages = {444--453},
title = {{Modeling educational usagee of Facebook}},
volume = {55},
year = {2010}
}
@article{Kouthea:2009,
author = {Kouthea, Mohamed and Jemni, Mohamed and Nasraoui, Olfa},
file = {:C$\backslash$:/Users/xochilt/Desktop/bibliografia/Automatic Recommendations for E-Learning Personalization Based on Web.pdf:pdf},
journal = {E-learning},
keywords = {automatic personalization,collaborative filtering,content based filtering,e-learning,recommender systems},
pages = {30--42},
title = {{Automatic Recommendations for E-Learning Personalization Based on Web Usage Mining Techniques and Information Retrieval 1}},
volume = {12},
year = {2009}
}
@article{Kwon:2009,
author = {Kwon, Kwiseok and Cho, Jinhyung and Park, Yongtae},
doi = {10.1016/j.elerap.2009.04.004},
file = {:C$\backslash$:/Users/xochilt/Desktop/Biblio/Influences of customer preference developmentKwon2009.pdf:pdf},
journal = {Electronic Commerce Research and Applications},
keywords = {customer preference development,preference stability,recommendation strategy},
pages = {263--275},
title = {{Electronic Commerce Research and Applications}},
volume = {8},
year = {2009}
}
@article{Laboratorio:0000,
author = {Laboratorio, Metropolitana-unidad Cuajimalpa},
file = {:C$\backslash$:/Users/xochilt/Desktop/bibliografia/sistema georeferenciado basado en perfil de usuario.pdf:pdf},
journal = {Network},
keywords = {capaces de manejar las,comunidad de,estos enfoques no son,laboratorio de geom\'{a}tica,o lugares geogr\'{a}ficos m\'{a}s,populares dentro de una,sin embargo,universidad aut\'{o}noma metropolitana-unidad cuajimalpa,usuarios},
title = {{Creaci\'{o}n de un sistema de recomendaci\'{o}n georeferenciado basado en el perfil del usuario 1.}}
}
@article{Law:0000,
author = {Law, Effie Lai-chong and Kickmeier, Michael and Albert, Dietrich and Holzinger, Andreas},
file = {:C$\backslash$:/Users/xochilt/Desktop/bibliografia/LAW\_Kickmeier\_et\_al\_REVISED\_FINAL\_20080912ah.pdf:pdf},
journal = {Learning},
keywords = {immersive digital educational games,marco adaptivity,micro},
title = {{Challenges in the Development and Evaluation of Immersive Digital Educational Games}}
}
@article{Lee:2009,
author = {Lee, Soojung},
doi = {10.1002/cae.20373},
file = {:C$\backslash$:/Users/xochilt/Desktop/Biblio/Personal recommendation based on aLee.pdf:pdf},
journal = {Computer},
keywords = {content-based filtering,information filtering,recommendation system,user profile,web personalization},
pages = {6--8},
title = {{Personal Recommendation Based on a User�s Understanding}},
year = {2009}
}
@article{Lee:2002,
author = {Lee, Wei-po and Liu, Chih-hung and Lu, Cheng-che},
file = {:C$\backslash$:/Users/xochilt/Desktop/Biblio/Intelligent agent-based systems for personalizedLee2002.pdf:pdf},
journal = {Expert Systems with Applications},
keywords = {agent-based systems,intelligent internet applications,personalized information services,web intelligence},
pages = {275--284},
title = {{Intelligent agent-based systems for personalized recommendations in Internet commerce}},
volume = {22},
year = {2002}
}
@article{Lemire:2005,
author = {Lemire, Daniel and Boley, Harold and Mcgrath, Sean and Ball, Marcel},
file = {:C$\backslash$:/Users/xochilt/Desktop/bibliografia/Learning Object Recommendation.pdf:pdf},
journal = {International Journal},
pages = {1--11},
title = {{Collaborative Filtering and Inference Rules for Context-Aware Learning Object Recommendation}},
year = {2005}
}
@article{Li:2007,
author = {Li, Qing and Myaeng, Sung Hyon and Kim, Byeong Man},
doi = {10.1016/j.ipm.2006.07.005},
file = {:C$\backslash$:/Users/xochilt/Desktop/Biblio/A probabilistic music recommender consideringLi2007.pdf:pdf},
journal = {Management},
keywords = {collaborative ltering,information ltering,music recommender system,probabilistic model},
pages = {473--487},
title = {{A probabilistic music recommender considering user opinions and audio features}},
volume = {43},
year = {2007}
}
@article{Linton:0000,
author = {Linton, F and Schaefer, H},
file = {:C$\backslash$:/Users/xochilt/Desktop/bibliografia/Recommender Systems for Learning.pdf:pdf},
issue = {[12},
journal = {UMUAI Special issue on Deployed User/Student Modeling Systems},
title = {{Recommender Systems for Learning: Building User and Expert Models through Long-Term Observation of Application Use}}
}
@article{Liou:2010,
author = {Liou, Chuen-he and Liu, Duen-ren},
doi = {10.1111/j.1468-0394.2010.00566.x},
file = {:C$\backslash$:/Users/xochilt/Desktop/Biblio/Hybrid recommendations for mobile commerceLiou\ldots.pdf:pdf},
journal = {Expert Systems},
keywords = {association rules,collaborative ltering,mobile phone features,mobile web,one-to-one marketing,product recommendation},
pages = {1--16},
title = {{Hybrid recommendations for mobile commerce based on mobile phone features.}},
year = {2010}
}
@article{Liu:2010,
author = {Liu, Duen-ren and Liou, Chuen-he},
doi = {10.1016/j.elerap.2010.08.004},
file = {:C$\backslash$:/Users/xochilt/Desktop/Biblio/Mobile commerce product recommendations basedLiu2010.pdf:pdf},
journal = {Electronic Commerce Research and Applications},
keywords = {multi-channel company},
title = {{Electronic Commerce Research and Applications}},
year = {2010}
}
@article{Liu:2005,
author = {Liu, Duen-ren and Shih, Ya-yueh},
doi = {10.1016/j.jss.2004.08.031},
file = {:C$\backslash$:/Users/xochilt/Desktop/Biblio/Hybrid approaches to product recommendationLiu2005.pdf:pdf},
journal = {Journal of Systems and Software},
keywords = {clv,collaborative ltering,customer lifetime value,data mining,product recommendation,recommender system},
pages = {181--191},
title = {{Hybrid approaches to product recommendation based on customer lifetime value and purchase preferences}},
volume = {77},
year = {2005}
}
@article{Liu:2008,
author = {Liu, Jiahui and Birnbaum, Larry and Pardo, Bryan},
file = {:C$\backslash$:/Users/xochilt/Desktop/bibliografia/Categorizing Blogger.pdf:pdf},
journal = {October},
keywords = {blogger,categorization,interests},
title = {{Categorizing Blogger�s Interests Based on Short Snippets of Blog Posts}},
year = {2008}
}
@article{Macias:0000,
author = {Macias, Mervyn and De, Freddy and Abad, Cristina and Polit, Escuela Superior and Campus, Litoral and Galindo, Gustavo},
file = {:C$\backslash$:/Users/xochilt/Desktop/bibliografia/Recomendaciones con Filtrado Colaborativo basado en Usuario y en Item.pdf:pdf},
keywords = {coeficiente,correlaci\'{o}n de pearson,filtrado colaborativo,hadoop,hdfs,mahout,s,sistema de archivos distribuidos},
title = {{ESCUELA SUPERIOR POLIT\'{E}CNICA DEL LITORAL CENTRO DE INVESTIGACI\'{O}N CIENT\'{I}FICA Y TECNOL\'{O}GICA Recomendaciones con Filtrado Colaborativo Basado en Usuario y en \'{I}tem Aplicando el Paradigma Map-Reduce}}
}
@article{Manvi:2005,
author = {Manvi, S and Venkataram, P},
doi = {10.1016/j.elerap.2005.01.001},
file = {:C$\backslash$:/Users/xochilt/Desktop/Biblio/An intelligent product-information presentation inManvi2005.pdf:pdf},
journal = {Electronic Commerce Research and Applications},
keywords = {agents,customer behavior,e-commerce,multimedia,synchronization},
pages = {220--239},
title = {{An intelligent product-information presentation in E-commerce}},
volume = {4},
year = {2005}
}
@article{Mart:2009,
author = {Mart, L and Rodr, M and Espinilla, M},
doi = {10.1109/WI-IAT.2009.259},
file = {:C$\backslash$:/Users/xochilt/Desktop/bibliografia/237reja.pdf:pdf;:C$\backslash$:/Users/xochilt/Desktop/Biblio/REJA A Georeferenced Hybrid RecommenderMartinez2009.pdf:pdf},
pages = {1--4},
title = {{A georeferenced hybrid recommender system for restaurants}},
year = {2009}
}
@article{Mart:0000,
author = {Mart, Luis and Barranco, Manuel J and Espinilla, Macarena and Castellano, Emilio J and Science, Computer and Systems, Recommender},
file = {:C$\backslash$:/Users/xochilt/Desktop/bibliografia/184knoweldge.pdf:pdf},
issue = {i},
journal = {System},
keywords = {2-,e-commerce,fuzzy linguistic approach,multigranular linguistic information,recommender systems,tuple linguistic representation model},
pages = {1--6},
title = {{A Knowledge Based Recommender System with Multigranular Hierarchical Linguistic Contexts}}
}
@article{Marzo:2002,
author = {Marzo, Jose-l and Llu, Josep and Mas-plang, El and Basado, Razonamiento and Fslsm, Modelo and Learning, Silverman and Model, Style and Styles, Learning and Mas-plang, El},
file = {:C$\backslash$:/Users/xochilt/Desktop/bibliografia/sistemadeTutoriaInteligenteAdaptativo.pdf:pdf},
pages = {1--12},
title = {{Un sistema de tutor\'{\i}a inteligente adaptativo considerando estilos de aprendizaje}},
year = {2002}
}
@article{MeterenRobinVan:Someren,
author = {Meteren, Robin Van; Someren, Maarten Van;},
file = {:C$\backslash$:/Users/xochilt/Desktop/bibliografia/10.1.1.25.5743.pdf:pdf},
journal = {Structure},
title = {{Using Content-Based Filtering for Recommendation.}}
}
@article{Mining:0000,
author = {Mining, Web Usage and Inference, Fuzzy and Personalization, Website},
file = {:C$\backslash$:/Users/xochilt/Desktop/bibliografia/web-per.pdf:pdf},
journal = {Computer Engineering},
title = {{ombining Web Usage Mining and Fuzzy Inference for Website Personalization}}
}
@misc{Okamoto:1998,
author = {Miyahara, K; Okamoto, T.;},
file = {:C$\backslash$:/Users/xochilt/Desktop/Biblio/Collaborative information filtering in cooperativeMiyahara1998.pdf:pdf},
title = {{Collaborative information filtering in cooperative communities.}},
year = {1998}
}
@article{Morales:0000,
author = {Morales, M and Herrera-viedma, Enrique and Peis, Eduardo},
file = {:C$\backslash$:/Users/xochilt/Desktop/bibliografia/modeloSemanticoDifusode unSR.pdf:pdf},
journal = {Development},
keywords = {13,6,de,de recomendaci\'{o}n y filtrado,elegir documentos relevantes,informaci\'{o}n,los,que les facilitan a,que se ajusten a,sus necesidades de informaci\'{o}n,usuarios la tarea de,y},
title = {{Modelo sem\'{a}ntico-difuso de un sistema de recomendaciones de informaci\'{o}n para bibliotecas digitales universitarias}}
}
@article{Moreno:2009,
author = {Moreno, Lo J M},
doi = {10.1007/s10791-008-9087-3},
file = {:C$\backslash$:/Users/xochilt/Desktop/bibliografia/250article.pdf:pdf},
pages = {179--200},
title = {{A computer-supported learning system to help teachers to teach Fuzzy Information Retrieval Systems �}},
year = {2009}
}
@article{Mussi:2006,
author = {Mussi, Silvano},
file = {:C$\backslash$:/Users/xochilt/Desktop/Biblio/User profiling on the Web2006.pdf:pdf},
issue = {1},
keywords = {bayesian networks,deep knowledge,sequential asking,user pro ling,value of information},
pages = {21--38},
title = {{User profiling on the Web based on deep knowledge and sequential questioning}},
volume = {23},
year = {2006}
}
@article{Papel:2009,
author = {Papel, Andrea El and Socioecon, Cliente Panorama},
file = {:C$\backslash$:/Users/xochilt/Desktop/bibliografia/39912023003.pdf:pdf},
journal = {Panorama},
keywords = {calidad del servicio,lealtad,lealtad acci\'{o}n,lealtad intencional,restaurantes},
title = {{Sistema de Informaci\'{o}n Cient\'{\i}fica}},
year = {2009}
}
@article{Parra:2009,
author = {Parra, Ray and Garcia, Mario},
file = {:C$\backslash$:/Users/xochilt/Desktop/bibliografia/Paper.pdf:pdf},
journal = {Analysis},
pages = {1--3},
title = {{An Hybrid Recommender System Learning Objects, Using Collaborative Filtering Algorithms}}
}
@article{Perez:2007,
author = {Perez, Luis G and Barranco, Manuel and Martinez, Luis},
file = {:C$\backslash$:/Users/xochilt/Desktop/bibliografia/120relations.pdf:pdf},
journal = {Knowledge Creation Diffusion Utilization},
title = {profiles for},
year = {2007}
}
@article{Polytechnic:0000,
author = {Polytechnic, Henan and Jiaozuo, Univer and Changchun, Jilin Univer},
file = {:C$\backslash$:/Users/xochilt/Desktop/Biblio/Research on recommender system inShen Zihao2010.pdf:pdf},
journal = {Computer},
keywords = {-e-commerce,association analysis,data preprocessing,recommender system,web mining},
pages = {360--363},
title = {{Research on Recommender System in E-commerce Based on Web Mining}}
}
@article{Herrera-Viedma:2009,
author = {Porcel, C; Lizarte, M.J.; Herrera-Viedma, E;},
file = {:C$\backslash$:/Users/xochilt/Desktop/bibliografia/260.pdf:pdf},
journal = {Jornadas andaluzas de inform\'{a}tica},
pages = {53--58},
title = {{Un sistema de recomendaciones ling\"{u}\'{\i}stico difuso para el ltrado de material docente}},
year = {2009}
}
@article{Herrera-Viedma:2008,
author = {Porcel, C; L\'{o}pez-Herrera, A.G.; Herrera-Viedma, E.;},
doi = {10.1016/j.eswa.2008.06.038},
file = {:C$\backslash$:/Users/xochilt/Desktop/bibliografia/249article.pdf:pdf},
journal = {Elsevier},
keywords = {Expert Systems with Applications},
title = {a recommendar system for research resources based on fuzzy linguistic modeling},
year = {2008}
}
@article{Porcel:0000,
author = {Porcel, Carlos and Herrera-viedma, Enrique and Morales, M},
file = {:C$\backslash$:/Users/xochilt/Desktop/bibliografia/152.pdf:pdf},
title = {{Mejorando el sistema de recomendaciones SIRE2IN: un enfoque interdisciplinar.}}
}
@article{Pudota:2010,
author = {Pudota, Nirmala and Dattolo, Antonina and Baruzzo, Andrea and Ferrara, Felice and Tasso, Carlo},
doi = {10.1002/int},
file = {:C$\backslash$:/Users/xochilt/Desktop/Biblio/Automatic keyphrase extraction and ontologyPudota.pdf:pdf},
journal = {International Journal},
pages = {1158--1186},
title = {{Automatic Keyphrase Extraction and Ontology Mining for Content-Based Tag Recommendation}},
volume = {25},
year = {2010}
}
@book{PerezCordon:2008,
address = {Ja\'{e}n, Espa\~{n}a.},
author = {P\'{e}rez Cord\'{o}n, Luis-Gonzaga;},
booktitle = {Director},
file = {:C$\backslash$:/Users/xochilt/Desktop/bibliografia/TesisLuisG.pdf:pdf},
publisher = {Dr.Luis Mart\'{\i}nez L\'{o}pez},
title = {{Modelos de recomendaci\'{o}n con falta de informaci\'{o}n, aplicaciones al sector tur\'{\i}stico.}},
year = {2008}
}
@article{Barranco:2009,
author = {P\'{e}rez, L.G; Martinez, L.; Mata, F.; Barranco, M.;},
file = {:C$\backslash$:/Users/xochilt/Desktop/bibliografia/34recdomendacion.pdf:pdf},
keywords = {sistemas de recomen-},
title = {{Un modelo de recomendaci\'{o}n con perfiles de usuario ling\"{u}isticos}},
year = {2009}
}
@article{Espinilla:2009,
author = {P\'{e}rez, Luis; Martinez, Luis; Barranco, Manuel; Espinilla, Macarena;},
file = {:C$\backslash$:/Users/xochilt/Desktop/bibliografia/138conocimiento.pdf:pdf},
title = {{Sistema de Recomendaci\'{o}n basado en conocimiento con informaci\'{o}n ling\"{u}istica}},
year = {2009}
}
@article{RashidAlMamunur:0000,
author = {Rashid, Al Mamunur; Karypis, George; Riedl, John;},
file = {:C$\backslash$:/Users/xochilt/Desktop/bibliografia/RashidAl\_siam05.pdf:pdf},
journal = {Science},
title = {{Influence in Ratings-Based Recommender Systems: An Algorithm-Independent Approach}}
}
@article{Sanju:0000,
author = {Sanju, Oscar and Franco, Enrique Torres and Cast, Hector and Crespo, Gonzalez and G-bustelo, Cristina Pelayo and Baena, Luis Rodriguez},
file = {:C$\backslash$:/Users/xochilt/Desktop/bibliografia/viabilidad de sistemas de recomendacion.pdf:pdf},
journal = {Learning},
keywords = {education distantly,internet,learning-objects,overcharge,recommender systems},
title = {{Viabilidad de la aplicaci\'{o}n de Sistemas de Recomendaci\'{o}n a entornos de e-learning}}
}
@article{Saralegi:2007,
author = {Saralegi, Xabier and Elhuyar, Urizar and Ixa, Alegria Loinaz},
file = {:C$\backslash$:/Users/xochilt/Desktop/bibliografia/similaridad por coseno.pdf:pdf},
keywords = {abstract,choose keywords and tf-idf,clir,content,enlazado transling\"{u}e,identify documents of similar,in this paper we,knowledge to,present a system to,represent the documents we,rss,similitud transling\"{u}e,space model using linguistic,the documents repository is,to,to calculate the relevancy,updated by,ve used the vector},
pages = {71--78},
title = {{Similitud entre documentos multiling\"{u}es de car\'{a}cter cient\'{\i}fico- t\'{e}cnico en un entorno Web}},
volume = {39},
year = {2007}
}
@article{SarwarBadrul:2001,
author = {Sarwar, Badrul; Karypis, George; Konstan, Joseph; Riedl, John;},
file = {:C$\backslash$:/Users/xochilt/Desktop/bibliografia/www10\_sarwarColaborative.pdf:pdf},
title = {{Item-Based Collaborative Filtering Recommendation Algorithms.}},
year = {2001}
}
@article{Schafer:2007,
author = {Schafer, Ben and Frankowski, Dan and Herlocker, Jon and Sen, Shilad},
file = {:C$\backslash$:/Users/xochilt/Desktop/bibliografia/Collaborative Filtering Recommender Systems.pdf:pdf},
journal = {Springer-Verlag Berlin Heidelberg},
pages = {291 -- 324},
title = {{Collaborative Filtering Recommender Systems}},
year = {2007}
}
@article{Schein:0000,
author = {Schein, Andrew I and Popescul, Alexandrin},
file = {:C$\backslash$:/Users/xochilt/Desktop/bibliografia/A New Evaluation Criterion for Recommender Systems.pdf:pdf},
title = {{CROC: A New Evaluation Criterion for Recommender Systems}}
}
@article{Schein:2002,
author = {Schein, Andrew I and Popescul, Alexandrin and Ungar, Lyle H and Pennock, David M},
file = {:C$\backslash$:/Users/xochilt/Desktop/bibliografia/Methods and Metrics for ColdStart Recommendations.pdf:pdf},
issue = {Sigir},
journal = {Information Retrieval},
keywords = {collaborative ltering,content-based,graphical models,information retrieval,ltering,performance,recommender systems},
pages = {253--260},
title = {{Methods and Metrics for Cold-Start Recommendations}},
year = {2002}
}
@book{Segaran:2007,
address = {USA},
author = {Segaran, Toby and Russell, Dan and Lead, Uber Tech and Wolters, Tim and Intellect, Collective and Tyma, Paul and Engineer, Senior Software},
editor = {O'Brien, Mary Treseler},
file = {:C$\backslash$:/Users/xochilt/Desktop/bibliografia/Programming\_Collective\_Intelligence.pdf:pdf},
publisher = {O'Reilly Media Inc.},
title = {{Programming Collective Intelligence}},
url = {www.oreilly.com},
year = {2007}
}
@article{MartinezHerraiz:2002,
author = {Silicia Urb\'{a}n, Miguel \'{A}ngel; Garc\'{\i}a Barriocanal, Elena; Mart\'{\i}nez Herr\'{a}iz, Jos\'{e} Javier;},
file = {:C$\backslash$:/Users/xochilt/Desktop/bibliografia/92561612.pdf:pdf},
journal = {Inteligencia Artificial},
keywords = {agregaci\'{o}n borrosa,borrosa,cuantificaci\'{o}n,filtrado de informaci\'{o}n,objeto de aprendizaje,personalizaci\'{o}n,usabilidad},
pages = {99--106},
title = {{Personalizaci\'{o}n estructural basada en criterios de usabilidad.}},
year = {2002}
}
@article{Special:0000,
author = {Special, Umuai and User, Deployed and Systems, Student Modeling and Linton, Frank and Schaefer, Hans-peter},
file = {:C$\backslash$:/Users/xochilt/Desktop/bibliografia/Recommender Systems for Learning.pdf:pdf;:C$\backslash$:/Users/xochilt/Desktop/bibliografia/linton\_systems.pdf:pdf},
keywords = {acquisition,agent,analysis,cluster analysis,data mining,instructional technology,instrumentation,knowledge,learning,logging,long-term observation,organizational learning,owl,recommender system,sequence,student modeling},
title = {{Recommender Systems for Learning: Building User and Expert Models through Long-Term Observation of Application Use}}
}
@article{Systems:1997,
author = {Systems, Recommender},
file = {:C$\backslash$:/Users/xochilt/Desktop/Biblio/Recommender systemsResnick1997.pdf:pdf},
issue = {3},
journal = {Communications of the ACM},
pages = {56--58},
title = {{Recommender Systems}},
volume = {40},
year = {1997}
}
@article{Terveen:1997,
author = {Terveen, Loren and Hill, Will and Amento, Brian and Mcdonald, David and Creter, Josh},
file = {:C$\backslash$:/Users/xochilt/Desktop/bibliografia/10.1.1.103.8264.pdf:pdf},
issue = {March},
journal = {Human Factors},
pages = {3--5},
title = {{PHOAKS: a system for sharing recommendations.}},
volume = {59},
year = {1997}
}
@article{The:0000,
author = {The, Catherine Hall and Science, Information and Philadelphia, Chestnut Street and The, Robin Naughton and Science, Information and Philadelphia, Chestnut Street and The, Xia Lin and Science, Information and Philadelphia, Chestnut Street},
file = {:C$\backslash$:/Users/xochilt/Desktop/Biblio/Identifying evaluating and recommending digitalHall2009.pdf:pdf},
title = {{Identifying, evaluating and recommending digital collections: a social community approach}}
}
@article{Thomassen:2010,
author = {Thomassen, Aukje and Ozcan, Oguzhan},
doi = {10.1016/j.compedu.2009.09.014},
file = {:C$\backslash$:/Users/xochilt/Desktop/Biblio/Standardizing interaction design educationThomassen2010.pdf:pdf},
journal = {Computers \& Education},
keywords = {cross-cultural products,learning communities},
pages = {849--855},
title = {{Computers \& Education}},
volume = {54},
year = {2010}
}
@article{Tsai:2007,
author = {Tsai, Kun Hua and Lee, Ming Che and Chiu, Ti Kai},
file = {:C$\backslash$:/Users/xochilt/Desktop/bibliografia/Personalized Learning Objects Recommendation.pdf:pdf},
journal = {Learning},
keywords = {learner pattern,learning object,lom,personalized recommendation,scorm,semantic discovery},
pages = {84--105},
title = {{Personalized Learning Objects Recommendation based on the Semantic- Aware Discovery and the Learner Preference Pattern}},
volume = {10},
year = {2007}
}
@article{Tung:2004,
author = {Tung, Hung-wen},
file = {:C$\backslash$:/Users/xochilt/Desktop/Biblio/A personalized restaurant recommender agentTung2004.pdf:pdf},
journal = {Change},
pages = {2--5},
title = {{A Personalized Restaurant Recommender Agent for Mobile E-Service}},
year = {2004}
}
@article{Victor:2009,
author = {Victor, Patricia and Cornelis, Chris and Cock, Martine De and Pinheiro, Paulo},
doi = {10.1016/j.fss.2008.11.014},
file = {:C$\backslash$:/Users/xochilt/Desktop/Biblio/Gradual trust and distrust inVictor2009.pdf:pdf},
journal = {Fuzzy Sets and Systems},
keywords = {bilattice theory,recommender system,trust propagation,web of trust},
pages = {1367 -- 1382},
title = {{Gradual trust and distrust in recommender systems}},
volume = {160},
year = {2009}
}
@article{Pecha:2002,
abstract = {Relaciones de preferencia y elecci\'{o}n social en una estructura difusa.},
author = {Villamil, Jaime; Pecha, Arcenio;},
file = {:C$\backslash$:/Users/xochilt/Desktop/bibliografia/2565577.pdf:pdf},
title = {{Relaciones de preferencia elecci\'{o}n social en una estructura difusa.}},
year = {2002}
}
@article{Vozalis:0000,
author = {Vozalis, Emmanouil G and Margaritis, Konstantinos G},
file = {:C$\backslash$:/Users/xochilt/Desktop/bibliografia/Recommender Systems.pdf:pdf},
journal = {Compute},
title = {{Recommender Systems: An Experimental Comparison of two Filtering Algorithms}}
}
@article{Wang:2004,
author = {Wang, Yi-fan and Chuang, Yu-liang and Hsu, Mei-hua and Keh, Huan-chao},
doi = {10.1016/j.eswa.2003.10.001},
file = {:C$\backslash$:/Users/xochilt/Desktop/Biblio/A personalized recommender system forWang2004.pdf:pdf},
journal = {Expert Systems with Applications},
keywords = {association rules,clustering,data mining,recommender system},
pages = {427--434},
title = {{A personalized recommender system for the cosmetic business}},
volume = {26},
year = {2004}
}
@article{VanDenNoortgate:2010,
author = {Wauters, K.; Desmet, P.; Van Den Noortgate, W.;},
file = {:C$\backslash$:/Users/xochilt/Desktop/Biblio/Adaptive item-based learning environments basedWauters.pdf:pdf},
title = {{Adaptive item-based learning environments based on the item response theory: possibilities and challenges.}},
year = {2010}
}
@article{Web:2010,
author = {Web, World Wide and Web, Introduction Most and Web, Many},
doi = {10.1016/j.eswa.2009.09.046},
file = {:C$\backslash$:/Users/xochilt/Desktop/Biblio/Combination of Web page recommenderG\"{o}ksedef2010.pdf:pdf},
journal = {World Wide Web Internet And Web Information Systems},
pages = {2911--2922},
title = {{Expert Systems with Applications}},
volume = {37},
year = {2010}
}
@article{Www:2009,
author = {Www, Iadis Ibero-americana and Espinilla, M and Rodr, M and Mart, L and Barranco, M},
file = {:C$\backslash$:/Users/xochilt/Desktop/bibliografia/239reja.pdf:pdf},
keywords = {filtrado colaborativo,georreferenciaci\'{o}n,hibridaci\'{o}n,razonamiento basado en casos,sistemas de recomendaci\'{o}n},
pages = {147--154},
title = {{Sr-reja. sistema de recomendaci\'{o}n h\'{\i}brido. georreferenciado}},
year = {2009}
}
@article{XiangZheng:2007,
author = {Xiang, Zheng; Kim, Sang-Eun; Hu, Clark; R. Fesenmaier, Daniel;},
doi = {10.1016/j.ijhm.2006.12.007},
file = {:C$\backslash$:/Users/xochilt/Desktop/Biblio/Language representation of restaurants ImplicationsXiang2007.pdf:pdf},
journal = {hospitality Management},
keywords = {-e,1 940 565 2436,1 940 565 4348,c,clark,com,consumer language,consumer mapping,d,drfez,e-mail addresses,edu,fax,fesenmaier,gmail,hu,kim,philxz,r,recommender systems,restaurant,s,sekim713,tel,temple,text analysis,xiang,z,\~{a} corresponding author},
pages = {1005--1018},
title = {{Language representation of restaurants: Implications for developing online recommender systems}},
volume = {26},
year = {2007}
}
@article{Yager:2003,
author = {Yager, R R},
file = {:C$\backslash$:/Users/xochilt/Desktop/Biblio/Fuzzy logic methods in recommenderYager2003.pdf:pdf},
issue = {2},
journal = {Fuzzy Sets and Systems},
pages = {133--149},
title = {{Fuzzy logic methods in recommender systems}},
volume = {136},
year = {2003}
}
@article{Yang:2009,
author = {Yang, Jie Chi and Huang, Yi Ting and Tsai, Chi Cheng and Wu, Yu Chieh},
file = {:C$\backslash$:/Users/xochilt/Desktop/Biblio/An Automatic Multimedia Content SummarizationYang2008.pdf:pdf},
journal = {Learning},
keywords = {learning material recommendation,multimedia,video learning,video recommendation,video summarization},
pages = {49--61},
title = {{An Automatic Multimedia Content Summarization System for Video Recommendation}},
volume = {12},
year = {2009}
}
@article{Yap:2005,
author = {Yap, Ghim-eng and Tan, Ah-hwee and Pang, Hwee-hwa},
file = {:C$\backslash$:/Users/xochilt/Desktop/Biblio/Dynamically-optimized context in recommender systemsYap2005.pdf:pdf},
journal = {Computer Engineering},
keywords = {con-,machine learning,recommender system,user feedback},
pages = {265--272},
title = {{Dynamically-Optimized Context in Recommender Systems}},
year = {2005}
}
@article{Zenebe:2009,
author = {Zenebe, Azene and Norcio, Anthony F},
doi = {10.1016/j.fss.2008.03.017},
file = {:C$\backslash$:/Users/xochilt/Desktop/Biblio/Representation similarity measures and aggregationZenebe2009.pdf:pdf},
journal = {Fuzzy Sets and Systems},
keywords = {empirical evaluation,fuzzy connectives and aggregation,fuzzy sets,learning,operators,recommender systems},
pages = {76 -- 94},
title = {{Representation, similarity measures and aggregation methods using fuzzy sets for content-based recommender systems}},
volume = {160},
year = {2009}
}
@article{Zenebe:2010,
author = {Zenebe, Azene and Zhou, Lina and Norcio, Anthony F},
doi = {10.1016/j.fss.2010.06.006},
file = {:C$\backslash$:/Users/xochilt/Desktop/Biblio/User preferences discovery using fuzzyZenebe2010.pdf:pdf},
journal = {Fuzzy Sets and Systems},
keywords = {fuzzy model,preferences discovery,recommender system,uncertainty representation,visualization},
pages = {3044 -- 3063},
title = {{User preferences discovery using fuzzy models}},
volume = {161},
year = {2010}
}
@article{Zhang:2010,
author = {Zhang, Ziqiong and Ye, Qiang and Law, Rob and Li, Yijun},
doi = {10.1016/j.ijhm.2010.02.002},
file = {:C$\backslash$:/Users/xochilt/Desktop/Biblio/The impact of e-word-of-mouth onZhang2010.pdf:pdf},
journal = {International Journal of Hospitality Management},
pages = {694--700},
title = {{International Journal of Hospitality Management}},
volume = {29},
year = {2010}
}
@article{Zheng:2010,
author = {Zheng, Nan and Li, Qiudan},
doi = {10.1016/j.eswa.2010.09.131},
file = {:C$\backslash$:/Users/xochilt/Desktop/Biblio/A recommender system based onZheng2010.pdf:pdf},
journal = {Expert Systems},
title = {{Expert Systems with Applications}},
year = {2010}
}

